@mics{UM-STK,
  author = {Silicon Labs},
  title = {USER MANUAL - Starter Kit EFM32GG-STK3700}
  year = {2012}
}

@mics{UM-DK,
  author = {Silicon Labs},
  title = {USER MANUAL - Development Kit EFM32GG-DK3750}
  year = {2013}
}

@mics{UG-BIO-EXP,
  author = {Silicon Labs},
  title = {BIOMETRIC EXP Evaluation Board USER'S GUIDE},
  year = {2014}
}