% This is a sample of what a web reference should look like.
% Optionally, an 'author = {{Sparrow, Jack}}' field might be added to the references.
@misc{web:rust_lang,
  title = {{The Rust Programming Lanuage}},
  howpublished = {Available: \url{http://www.rust-lang.org/}},
  note = {[Accessed: 2015-01-13]}
}
@misc{web:rust_faq,
  title = {{The Rust Project FAQ}},
  howpublished = {Available: \url{https://doc.rust-lang.org/complement-project-faq.html}},
  note = {[Accessed: 2015-04-27]}
}
@misc{web:rust_book_unsafe,
  title = {{Writing Unsafe and Low-Level Code in Rust}},
  howpublished = {Available: \url{http://doc.rust-lang.org/book/unsafe.html}},
  note = {[Accessed: 2015-01-16]}
}
@misc{web:rust_book_ownership,
  title = {{The Rust Ownership Guide}},
  howpublished = {Available: \url{doc.rust-lang.org/book/ownership.html}},
  note = {[Accessed: 2015-01-16]}
}
@misc{web:mozilla_foundation,
  title = {{The Mozilla Foundation}},
  howpublished = {Available: \url{https://www.mozilla.org/en-US/foundation/}},
  note = {[Accessed: 2015-01-14]}
}
@misc{web:mozilla_research,
  title = {{Mozilla Research}},
  howpublished = {Available: \url{https://www.mozilla.org/en-US/research/}},
  note = {[Accessed: 2015-01-14]}
}
@misc{web:rust_run_once_run_everywhere,
  title = {{Run Once, Run Everywhere}},
  howpublished = {Available: \url{http://blog.rust-lang.org/2015/04/24/Rust-Once-Run-Everywhere.html}},
  note = {[Accessed: 2015-04-27]}
}

@misc{web:arm_cortex,
  title = {{ARM}},
  howpublished = {Available: \url{http://www.arm.com/products/processors/cortex-m/index.php/}},
  note = {[Accessed: 2015-03-13]}
}

@misc{web:neykov_armboot,
  title = {{neykov/armboot}},
  howpublished = {Available: \url{https://github.com/neykov/armboot/}},
  note = {[Accessed: 2015-04-29]}
}
